@online{GanttProject,
    author        = {Alexandre Thomas and Dmitry Barashev},
    title         = {Gantt Project},
    year          = {2003},
    url           = {http://www.ganttproject.biz/}
}

@online{Tkinter,
    author        = {Steen Lumholt and Guido van Rossum},
    title         = {Tkinter},
    url           = {http://tkinter.unpythonic.net/wiki/}
}

@online{Flask,
    author        = {Armin Ronacher},
    title         = {Flask},
    year          = {2010},
    url           = {http://flask.pocoo.org/}
}

@online{Nginx,
    author        = {Igor Sysoev},
    title         = {Nginx},
    year          = {2004},
    url           = {https://nginx.org/}
}

@online{uWSGI,
    title         = {uWSGI},
    url           = {https://uwsgi-docs.readthedocs.io}
}

@inproceedings{LeviHassner2016LATCH,
  title={{LATCH:} Learned Arrangements of Three Patch Codes},
  author={Gil Levi and Tal Hassner},
  booktitle={Winter Conference on Applications of Computer Vision ({WACV})},
  year={2016},
  organization={IEEE},
  url = {http://www.openu.ac.il/home/hassner/projects/LATCH}
}

@online{OpenCV,
    author        = {Intel Corporation and Willow Garage and Itseez},
    title         = {OpenCV},
    year          = {2000},
    url           = {http://opencv.org}
}

@inproceedings{Trzcinski13a,
    author = {T. Trzcinski, M. Christoudias, V. Lepetit and P. Fua},
    title = {{Boosting Binary Keypoint Descriptors}},
    booktitle = "Computer Vision and Pattern Recognition",
    year = 2013,
    url  = {https://infoscience.epfl.ch/record/186246/files/top.pdf}
} 

@article{Pxp,
    author        = {Yani Dzhurov and Iva Krasteva and Sylvia Ilieva},
    title         = {Personal Extreme Programmingâ€“An Agile Process for Autonomous Developers},
    year          = {2009},
    url           = {https://www.researchgate.net/publication/229046039}
}

@UNPUBLISHED{Szeliski,
    author        = {Richard Szeliski},
    title         = {Computer Vision: Algorithms and Applications},
    year          = {2010},
    url           = {http://szeliski.org/Book/drafts/SzeliskiBook_20100903_draft.pdf}
}

@INPROCEEDINGS{SIFT,
	author={David G. Lowe},
	booktitle={Computer Vision, 1999. The Proceedings of the Seventh IEEE International Conference on},
	title={Object recognition from local scale-invariant features},
	year={1999},
	volume={2},
	pages={1150-1157},
	doi={10.1109/ICCV.1999.790410},
	url={http://www.cs.ubc.ca/~lowe/papers/iccv99.pdf}}

@article{SURF,
	author = {Bay, Herbert and Ess, Andreas and Tuytelaars, Tinne and Van Gool, Luc},
	title = {Speeded-Up Robust Features (SURF)},
	journal = {Comput. Vis. Image Underst.},
	issue_date = {June, 2008},
	volume = {110},
	number = {3},
	month = jun,
	year = {2008},
	issn = {1077-3142},
	pages = {346--359},
	numpages = {14},
	url = {http://dx.doi.org/10.1016/j.cviu.2007.09.014},
	doi = {10.1016/j.cviu.2007.09.014},
	acmid = {1370556},
	publisher = {Elsevier Science Inc.},
	address = {New York, NY, USA},
} 

@INPROCEEDINGS{Harris,
    author = {Chris Harris and Mike Stephens},
    title = {A combined corner and edge detector},
    booktitle = {In Proc. of Fourth Alvey Vision Conference},
    year = {1988},
    pages = {147--151},
    url = {www.bmva.org/bmvc/1988/avc-88-023.pdf}
}

@inproceedings{Calonder:2010:BBR:1888089.1888148,
 author = {Calonder, Michael and Lepetit, Vincent and Strecha, Christoph and Fua, Pascal},
 title = {BRIEF: Binary Robust Independent Elementary Features},
 booktitle = {Proceedings of the 11th European Conference on Computer Vision: Part IV},
 series = {ECCV'10},
 year = {2010},
 isbn = {3-642-15560-X, 978-3-642-15560-4},
 location = {Heraklion, Crete, Greece},
 pages = {778--792},
 numpages = {15},
 url = {http://dl.acm.org/citation.cfm?id=1888089.1888148},
 acmid = {1888148},
 publisher = {Springer-Verlag},
 address = {Berlin, Heidelberg},
}

@article{Fischler:1981:RSC:358669.358692,
 author = {Fischler, Martin A. and Bolles, Robert C.},
 title = {Random Sample Consensus: A Paradigm for Model Fitting with Applications to Image Analysis and Automated Cartography},
 journal = {Commun. ACM},
 issue_date = {June 1981},
 volume = {24},
 number = {6},
 month = jun,
 year = {1981},
 issn = {0001-0782},
 pages = {381--395},
 numpages = {15},
 url = {http://doi.acm.org/10.1145/358669.358692},
 doi = {10.1145/358669.358692},
 acmid = {358692},
 publisher = {ACM},
 address = {New York, NY, USA},
 keywords = {automated cartography, camera calibration, image matching, location determination, model fitting, scene analysis},
} 

@techreport{Shi:1993:GFT:866676,
 author = {Shi, Jianbo and Tomasi, Carlo},
 title = {Good Features to Track},
 year = {1993},
 source = {http://www.ncstrl.org:8900/ncstrl/servlet/search?formname=detail\&id=oai%3Ancstrlh%3Acornellcs%3ACORNELLCS%3ATR93-1399},
 publisher = {Cornell University},
 address = {Ithaca, NY, USA},
} 

@inproceedings{Leutenegger:2011:BBR:2355573.2356277,
 author = {Leutenegger, Stefan and Chli, Margarita and Siegwart, Roland Y.},
 title = {BRISK: Binary Robust Invariant Scalable Keypoints},
 booktitle = {Proceedings of the 2011 International Conference on Computer Vision},
 series = {ICCV '11},
 year = {2011},
 isbn = {978-1-4577-1101-5},
 pages = {2548--2555},
 numpages = {8},
 url = {http://dx.doi.org/10.1109/ICCV.2011.6126542},
 doi = {10.1109/ICCV.2011.6126542},
 acmid = {2356277},
 publisher = {IEEE Computer Society},
 address = {Washington, DC, USA},
} 

@inproceedings{BMVC.16.36,
   title = {Robust Wide Baseline Stereo from Maximally Stable Extremal Regions},
   author = {Matas, J. and Chum, O. and Urban, M. and Pajdla, T.},
   year = {2002},
   pages = {36.1-36.10},
   booktitle = {Proceedings of the British Machine Vision Conference},
   publisher = {BMVA Press},
   editors = {Marshall, David and Rosin, Paul L.},
   isbn = {1-901725-19-7},
   note = {doi:10.5244/C.16.36}
}

@article{Tola10,
  author = "E. Tola and V. Lepetit and P. Fua",
  title = {{DAISY: An Efficient Dense Descriptor Applied to Wide Baseline Stereo}},
  journal = "IEEE Transactions on Pattern Analysis and Machine Intelligence",
  year = 2010,
  month = "May",
  pages = "815--830",
  volume = "32",
  number = "5"
} 

@inproceedings{Rosten:2006:MLH:2094437.2094478,
 author = {Rosten, Edward and Drummond, Tom},
 title = {Machine Learning for High-speed Corner Detection},
 booktitle = {Proceedings of the 9th European Conference on Computer Vision - Volume Part I},
 series = {ECCV'06},
 year = {2006},
 isbn = {3-540-33832-2, 978-3-540-33832-1},
 location = {Graz, Austria},
 pages = {430--443},
 numpages = {14},
 url = {http://dx.doi.org/10.1007/11744023_34},
 doi = {10.1007/11744023_34},
 acmid = {2094478},
 publisher = {Springer-Verlag},
 address = {Berlin, Heidelberg},
}

@inproceedings{Rublee:2011:OEA:2355573.2356268,
 author = {Rublee, Ethan and Rabaud, Vincent and Konolige, Kurt and Bradski, Gary},
 title = {ORB: An Efficient Alternative to SIFT or SURF},
 booktitle = {Proceedings of the 2011 International Conference on Computer Vision},
 series = {ICCV '11},
 year = {2011},
 isbn = {978-1-4577-1101-5},
 pages = {2564--2571},
 numpages = {8},
 url = {http://dx.doi.org/10.1109/ICCV.2011.6126544},
 doi = {10.1109/ICCV.2011.6126544},
 acmid = {2356268},
 publisher = {IEEE Computer Society},
 address = {Washington, DC, USA},
}

@inproceedings{BMVC.16.36:abbreviated,
   title = {Robust Wide Baseline Stereo from Maximally Stable Extremal Regions},
   author = {Matas, J. and Chum, O. and Urban, M. and Pajdla, T.},
   year = {2002},
   pages = {36.1-36.10},
   booktitle = {Proc. BMVC},
   isbn = {1-901725-19-7},
   note = {doi:10.5244/C.16.36}
}
