@online{GanttProject,
    author        = {Alexandre Thomas and Dmitry Barashev},
    title         = {Gantt Project},
    year          = {2003},
    url           = {http://www.ganttproject.biz/}
}

@inproceedings{LeviHassner2016LATCH,
  title={{LATCH:} Learned Arrangements of Three Patch Codes},
  author={Gil Levi and Tal Hassner},
  booktitle={Winter Conference on Applications of Computer Vision ({WACV})},
  year={2016},
  organization={IEEE},
  url = {http://www.openu.ac.il/home/hassner/projects/LATCH}
}

@online{OpenCV,
    author        = {Intel Corporation and Willow Garage and Itseez},
    title         = {OpenCV},
    year          = {2000},
    url           = {http://opencv.org}
}

@inproceedings{Trzcinski13a,
    author = {T. Trzcinski, M. Christoudias, V. Lepetit and P. Fua},
    title = {{Boosting Binary Keypoint Descriptors}},
    booktitle = "Computer Vision and Pattern Recognition",
    year = 2013,
    url  = {https://infoscience.epfl.ch/record/186246/files/top.pdf}
} 

@article{Pxp,
    author        = {Yani Dzhurov and Iva Krasteva and Sylvia Ilieva},
    title         = {Personal Extreme Programmingâ€“An Agile Process for Autonomous Developers},
    year          = {2009},
    url           = {https://www.researchgate.net/publication/229046039}
}

@UNPUBLISHED{Szeliski,
    author        = {Richard Szeliski},
    title         = {Computer Vision: Algorithms and Applications},
    year          = {2010},
    url           = {http://szeliski.org/Book/drafts/SzeliskiBook_20100903_draft.pdf}
}

@INPROCEEDINGS{SIFT,
	author={David G. Lowe},
	booktitle={Computer Vision, 1999. The Proceedings of the Seventh IEEE International Conference on},
	title={Object recognition from local scale-invariant features},
	year={1999},
	volume={2},
	pages={1150-1157},
	doi={10.1109/ICCV.1999.790410},
	url={http://www.cs.ubc.ca/~lowe/papers/iccv99.pdf}}

@article{SURF,
	author = {Bay, Herbert and Ess, Andreas and Tuytelaars, Tinne and Van Gool, Luc},
	title = {Speeded-Up Robust Features (SURF)},
	journal = {Comput. Vis. Image Underst.},
	issue_date = {June, 2008},
	volume = {110},
	number = {3},
	month = jun,
	year = {2008},
	issn = {1077-3142},
	pages = {346--359},
	numpages = {14},
	url = {http://dx.doi.org/10.1016/j.cviu.2007.09.014},
	doi = {10.1016/j.cviu.2007.09.014},
	acmid = {1370556},
	publisher = {Elsevier Science Inc.},
	address = {New York, NY, USA},
} 

@INPROCEEDINGS{Harris,
    author = {Chris Harris and Mike Stephens},
    title = {A combined corner and edge detector},
    booktitle = {In Proc. of Fourth Alvey Vision Conference},
    year = {1988},
    pages = {147--151},
    url = {www.bmva.org/bmvc/1988/avc-88-023.pdf}
}
